% Project - Technical Documentation
%
% Data Acquisition Technologies and Sensor Networks
% Jacobs University Bremen
% Supervisor: Prof. Dr. Fangning Hu
%
% Created on November 13, 2019
%
% Authors:
%   Ralph Florent <r.florent@jacobs-university.de>
%   Diogo Cosin <d.ayresdeoliveira@jacobs-university.de>
%   Eno Ciraku <e.ciraku@jacobs-university.de>
%
% References of the documentation

% One example of references:
@online{vscode,
	author={Microsoft Corporation},
	title={Visual Studio Code},
	year={2019},
	month={10},
	URL={https://code.visualstudio.com/},
	keyword={programming, tools, software}
}

@online{github,
	author={GitHub Inc},
	title={The world's leading software development platform},
	year={2019},
	month={11},
	URL={https://github.com/}
}